<record><leader>00000cas a2200000 a 4500</leader><controlfield tag="001">33156707</controlfield><controlfield tag="008">950919c19uu9999iluwr ne      0   a0eng c</controlfield><controlfield tag="009">467</controlfield><datafield ind1=" " ind2=" " tag="010"><subfield code="a">sn 95005528 </subfield></datafield><datafield ind1=" " ind2=" " tag="040"><subfield code="a">NSD</subfield><subfield code="b">eng</subfield><subfield code="c">NSD</subfield><subfield code="d">CVF</subfield><subfield code="d">CUS</subfield><subfield code="d">OCLCQ</subfield><subfield code="d">OCLCF</subfield></datafield><datafield ind1=" " ind2=" " tag="012"><subfield code="m">1</subfield></datafield><datafield ind1="1" ind2=" " tag="022"><subfield code="a">1084-7960</subfield><subfield code="l">1084-7960</subfield><subfield code="2">1</subfield></datafield><datafield ind1="1" ind2=" " tag="029"><subfield code="a">AU@</subfield><subfield code="b">000011993145</subfield></datafield><datafield ind1=" " ind2=" " tag="032"><subfield code="a">998520</subfield><subfield code="b">USPS</subfield></datafield><datafield ind1=" " ind2=" " tag="042"><subfield code="a">nsdp</subfield><subfield code="a">pcc</subfield></datafield><datafield ind1=" " ind2=" " tag="043"><subfield code="a">n-us-il</subfield></datafield><datafield ind1=" " ind2="0" tag="222"><subfield code="a">Vernon Hills review</subfield></datafield><datafield ind1="0" ind2="0" tag="245"><subfield code="a">Vernon Hills review.</subfield></datafield><datafield ind1=" " ind2=" " tag="260"><subfield code="a">Deerfield, Ill. :</subfield><subfield code="b">Pioneer Press,</subfield><subfield code="c">1985-</subfield></datafield><datafield ind1=" " ind2=" " tag="300"><subfield code="a">v.</subfield></datafield><datafield ind1=" " ind2=" " tag="310"><subfield code="a">Weekly</subfield></datafield><datafield ind1="0" ind2=" " tag="362"><subfield code="a">Aug. 29, 1985-</subfield></datafield><datafield ind1=" " ind2=" " tag="500"><subfield code="a">Also published in Bannockburn, Ill.</subfield></datafield><datafield ind1=" " ind2="0" tag="651"><subfield code="a">Vernon Hills (Ill.)</subfield><subfield code="v">Newspapers.</subfield></datafield><datafield ind1=" " ind2="0" tag="651"><subfield code="a">Prairie View (Ill.)</subfield><subfield code="v">Newspapers.</subfield></datafield><datafield ind1=" " ind2="7" tag="655"><subfield code="a">Newspapers.</subfield><subfield code="2">fast</subfield><subfield code="0">(OCoLC)fst01423814</subfield></datafield><datafield ind1=" " ind2="7" tag="651"><subfield code="a">Illinois</subfield><subfield code="z">Prairie View.</subfield><subfield code="2">fast</subfield><subfield code="0">(OCoLC)fst01206352</subfield></datafield><datafield ind1=" " ind2="7" tag="651"><subfield code="a">Illinois</subfield><subfield code="z">Vernon Hills.</subfield><subfield code="2">fast</subfield><subfield code="0">(OCoLC)fst01204521</subfield></datafield><datafield ind1=" " ind2=" " tag="752"><subfield code="a">United States</subfield><subfield code="b">Illinois</subfield><subfield code="c">Lake</subfield><subfield code="d">Deerfield.</subfield></datafield><datafield ind1=" " ind2=" " tag="752"><subfield code="a">United States</subfield><subfield code="b">Illinois</subfield><subfield code="c">Lake</subfield><subfield code="d">Bannockburn.</subfield></datafield><datafield ind1="0" ind2="8" tag="776"><subfield code="i">Online version:</subfield><subfield code="t">Vernon Hills review (Online)</subfield><subfield code="w">(DLC)sn 95005528</subfield><subfield code="w">(OCoLC)233142298</subfield></datafield></record>